<record xmlns:xsi="http://www.w3.org/2001/XMLSchema-instance" xmlns="http://www.loc.gov/MARC21/slim" xsi:schemaLocation="http://www.loc.gov/MARC21/slim http://www.loc.gov/standards/marcxml/schema/MARC21slim.xsd">

  <leader>00472nam a2200133Ia 4500</leader>
  <datafield ind1=" " tag="999" ind2=" ">
    <subfield code="c">908</subfield>
    <subfield code="d">908</subfield>
  </datafield>
  <controlfield tag="008">170829b2005    cr ||||| |||| 00| | spa d</controlfield>
  <datafield ind2=" " tag="020" ind1=" ">
    <subfield code="a">9968951218</subfield>
  </datafield>
  <datafield ind1=" " tag="090" ind2=" ">
    <subfield code="a">06.03.04 </subfield>
    <subfield code="b">1306</subfield>
  </datafield>
  <datafield ind1="1" tag="100" ind2=" ">
    <subfield code="a">Kennedy Acevedo, Samantha</subfield>
    <subfield code="9">3119</subfield>
  </datafield>
  <datafield ind1="1" tag="245" ind2="4">
    <subfield code="a">Las aventuras de Tropic Joe: Los secretos del Bosque / </subfield>
    <subfield code="c">Samantha Kennedy Acevedo, Marielos Murillo Sánchez, José Alberto Pérez Arrieta</subfield>
  </datafield>
  <datafield ind1=" " tag="260" ind2=" ">
    <subfield code="a">Costa Rica : </subfield>
    <subfield code="b">Masterlitho, </subfield>
    <subfield code="c">2005</subfield>
  </datafield>
  <datafield ind1=" " ind2=" " tag="300">
    <subfield code="a">44 páginas</subfield>
  </datafield>
  <datafield ind1="1" ind2="4" tag="650">
    <subfield code="a">EDUCACIÓN AMBIENTAL </subfield>
    <subfield code="9">439</subfield>
  </datafield>
  <datafield ind2="4" tag="650" ind1="1">
    <subfield code="a">PROTECCIÓN AMBIENTAL</subfield>
    <subfield code="9">3120</subfield>
  </datafield>
  <datafield ind1="1" tag="700" ind2=" ">
    <subfield code="9">3121</subfield>
    <subfield code="a">Murillo Sánchez, Marielos </subfield>
  </datafield>
  <datafield ind1="1" tag="700" ind2=" ">
    <subfield code="9">3122</subfield>
    <subfield code="a">Pérez Arrieta, José Alberto </subfield>
  </datafield>
  <datafield ind2=" " tag="942" ind1=" ">
    <subfield code="2">z</subfield>
    <subfield code="c">01</subfield>
  </datafield>
</record>